<record><leader>00000cas a2200000 a 4500</leader><controlfield tag="001">33402633</controlfield><controlfield tag="007">hd bfu---baat</controlfield><controlfield tag="007">hd afu---bact</controlfield><controlfield tag="008">951101d19341942nbudn nea     0    0eng d</controlfield><datafield ind1=" " ind2=" " tag="010"><subfield code="a">sn 95073178 </subfield></datafield><datafield ind1=" " ind2=" " tag="040"><subfield code="a">NVG</subfield><subfield code="b">eng</subfield><subfield code="c">NVG</subfield><subfield code="d">OCL</subfield><subfield code="d">OCLCQ</subfield></datafield><datafield ind1=" " ind2=" " tag="042"><subfield code="a">msc</subfield></datafield><datafield ind1=" " ind2=" " tag="043"><subfield code="a">n-us-nb</subfield></datafield><datafield ind1="0" ind2="4" tag="245"><subfield code="a">The morning spotlight.</subfield></datafield><datafield ind1="1" ind2=" " tag="246"><subfield code="i">Issue for Nov. 27, 1934 called:</subfield><subfield code="a">Spotlight</subfield></datafield><datafield ind1=" " ind2=" " tag="260"><subfield code="a">Hastings, Neb. :</subfield><subfield code="b">Democrat Print. Co.,</subfield><subfield code="c">1935-1942.</subfield></datafield><datafield ind1=" " ind2=" " tag="300"><subfield code="a">9 volumes</subfield></datafield><datafield ind1=" " ind2=" " tag="310"><subfield code="a">Daily (except Sun.)</subfield></datafield><datafield ind1=" " ind2=" " tag="336"><subfield code="a">text</subfield><subfield code="b">txt</subfield><subfield code="2">rdacontent</subfield></datafield><datafield ind1=" " ind2=" " tag="337"><subfield code="a">microform</subfield><subfield code="b">h</subfield><subfield code="2">rdamedia</subfield></datafield><datafield ind1=" " ind2=" " tag="338"><subfield code="a">microfilm reel</subfield><subfield code="b">hd</subfield><subfield code="2">rdacarrier</subfield></datafield><datafield ind1="0" ind2=" " tag="362"><subfield code="a">Vol. 1, no. 1 (Nov. 27, 1934)- ; 56th year, no. 6 (June 4, 1935)-63rd year, no. 62 (Mar. 28, 1942).</subfield></datafield><datafield ind1=" " ind2=" " tag="580"><subfield code="a">Absorbed and assumed the numbering of the Hastings Democrat (Hastings, Neb.), June 4, 1935.</subfield></datafield><datafield ind1=" " ind2=" " tag="533"><subfield code="a">Microfilm.</subfield><subfield code="m">1935-1942.</subfield><subfield code="b">[Lincoln, Neb.] :</subfield><subfield code="c">Nebraska State Historical Society,</subfield><subfield code="d">[1969?].</subfield><subfield code="e">7 microfilm reels ; 35 mm.</subfield></datafield><datafield ind1=" " ind2=" " tag="752"><subfield code="a">United States</subfield><subfield code="b">Nebraska</subfield><subfield code="c">Adams</subfield><subfield code="d">Hastings.</subfield></datafield><datafield ind1="1" ind2="5" tag="780"><subfield code="t">Hastings Democrat (Hastings, Neb.)</subfield><subfield code="w">(DLC)sn 95073177</subfield></datafield><datafield ind1="0" ind2="4" tag="785"><subfield code="t">Hastings daily tribune</subfield><subfield code="w">(DLC)sn 95073173</subfield></datafield></record>